@book{hoffstein2014,
  author    = {Jeffrey Hoffstein and Jill Pipher and Joseph H. Silverman},
  title     = {An Introduction to Mathematical Cryptography},
  edition   = {Second},
  year      = {2014},
  publisher = {Springer},
  series    = {Undergraduate Texts in Mathematics},
  isbn      = {978-1-4939-1710-5}
}